@ARTICLE{vakbib1,
  author = {Dmitriev, A. Yu. and Shaikhaidarov, R. and Antonov, V. N.  and  Hönigl-Decrinis, T. and Astafiev, O. V. },
  %addendum = {(0,28~п.~л.)},
  title = {Quantum wave mixing and visualization of coherent and superposed states in the waveguide},
  journal = {Nature Communications},
  year = {2017},
  volume = {8},
  number = {1352},
  pages = {},
  language = {english},
}

@ARTICLE{vakbib2,
  author = {Dmitriev, A. Yu. and Korenkov, A. V. and Astafiev, O. V.},
 % addendum = {(0,33~п.~л.~/ 0,28~п.~л.)},
  title = {Scattering spectroscopy of a superconducting artificial atom, coupled to two half spaces},
  journal = {JETP Letters},
  year = {2017},
  volume = {105},
  issue = {2},
  pages = {110--113},
  language = {english},
}

@ARTICLE{confbib1,
  author = {Korenkov, A. V. and Dmitriev, A. Yu. and Astafiev, O. V.},
  title = {Measurement system of correlation functions of microwave single photon source in real time},
  booktitle = {AIP Proceedings},
  voulme = {1936},
  number = {020008},
  year = {2018},
  language = {english},
}

@ARTICLE{confbib2,
  author = {Dmitriev, A. and T.Hoenigl-Decrinis, T. and  Shaikhaidarov, R. and Antonov, V.N. and Astafiev, O.},
  title = {Quantum coherent four wave mixing with artifical atoms},
  booktitle = {Mesoscopic Structures in Fundamental Applications},
  year = {2015},
  language = {english},
}