@ARTICLE{confbib1,
  author = {Korenkov, A. V. and Dmitriev, A. Yu. and Astafiev, O. V.},
  title = {Measurement system of correlation functions of microwave single photon source in real time},
  journal = {AIP Proceedings},
  voulme = {1936},
  number = {020008},
  year = {2018},
  language = {english},
}

@ARTICLE{confbib2,
  author = {Dmitriev, A. and T.Hoenigl-Decrinis, T. and  Shaikhaidarov, R. and Antonov, V.N. and Astafiev, O.},
  title = {Quantum coherent four wave mixing with artifical atoms},
  journal = {Mesoscopic Structures in Fundamental Applications},
  year = {2015},
  language = {english},
}