@ARTICLE{vakbib1,
  author = {Dmitriev, A. Yu. and Shaikhaidarov, R. and Antonov, V. N.  and  Hönigl-Decrinis, T. and Astafiev, O. V. },
  %addendum = {(0,28~п.~л.)},
  title = {Quantum wave mixing and visualization of coherent and superposed states in the waveguide},
  journal = {Nature Communications},
  year = {2017},
  volume = {8},
  number = {1352},
  pages = {},
  language = {english},
}

@ARTICLE{vakbib2,
  author = {Dmitriev, A. Yu. and Korenkov, A. В. and Astafiev, O. V.},
 % addendum = {(0,33~п.~л.~/ 0,28~п.~л.)},
  title = {Scattering spectroscopy of a superconducting artificial atom, coupled to two half spaces},
  journal = {JETP Letters},
  year = {2017},
  volume = {105},
  issue = {2},
  pages = {110--113},
  language = {english},
}
