@ARTICLE{vakbib1,
  author = {Dmitriev, A. Yu. and Shaikhaidarov, R. and Antonov, V. N.  and  Hönigl-Decrinis, T. and Astafiev, O. V. },
  %addendum = {(0,28~п.~л.)},
  title = {Quantum wave mixing and visualization of coherent and superposed states in the waveguide},
  journal = {Nature Communications},
  year = {2017},
  volume = {8},
  number = {1352},
  pages = {},
  language = {english},
}

@ARTICLE{vakbib2,
  author = {Dmitriev, A. Yu. and Korenkov, A. V. and Astafiev, O. V.},
 % addendum = {(0,33~п.~л.~/ 0,28~п.~л.)},
  title = {Scattering spectroscopy of a superconducting artificial atom, coupled to two half spaces},
  journal = {JETP Letters},
  year = {2017},
  volume = {105},
  issue = {2},
  pages = {110--113},
  language = {english},
}

@ARTICLE{vakbib3,
  author = {Hönigl-Decrinis, T.  and Antonov, I. V. and Shaikhaidarov, R. and Antonov, V. N. and Dmitriev, A. Yu. and Astafiev, O. V.},
 % addendum = {(0,33~п.~л.~/ 0,28~п.~л.)},
  title = {Mixing of coherent waves on a single three-level artificial atom},
  journal = {Phys. Rev. A},
  year = {2018},
  volume = {98},
  pages = {041801(R)},
  language = {english},
}

@ARTICLE{vakbib4,
  author = {Dmitriev, A.Yu. and Shaikhaidarov, R.  and  Höenigl-Decrinis, T. and  de Graaf, S. and Antonov, V.N. and Astafiev, O.V.},
  title = {Probing photon statistics of coherent states by continuous-wave mixing on a two-level system},
  journal = {Phys. Rev. A},
  year = {2019},
  volume = {(accepted)},
 % pages = {041801(R)},
  language = {english},
}

