
@ARTICLE{schoelkopf2008wiring,
  title={Wiring up quantum systems},
  author={Schoelkopf, RJ and Girvin, SM},
  journal={Nature},
  volume={451},
  number={7179},
  pages={664--669},
  year={2008},
  url={http://www.nature.com/nature/journal/v451/n7179/full/451664a.html},
  publisher={Nature Publishing Group},
  language={english}
}
@ARTICLE{WallsMilburn_PRD,
  title = {Analysis of a quantum measurement},
  author = {Walls, D. F. and Collet, M. J. and Milburn, G. J.},
  journal = {Phys. Rev. D},
  volume = {32},
  issue = {12},
  pages = {3208--3215},
  numpages = {0},
  year = {1985},
  month = {Dec},
  publisher = {American Physical Society},
  doi = {10.1103/PhysRevD.32.3208},
  url = {https://link.aps.org/doi/10.1103/PhysRevD.32.3208},
  language={english}
}
@ARTICLE{devoret1995quantum,
  title={Quantum fluctuations in electrical circuits},
  author={Devoret, Michel H and others},
  journal={Les Houches, Session LXIII},
  volume={7},
  number={8},
  year={1995},
  language={english}
}
@ARTICLE{PhysRevA.28.2646,
  title = {Quantum nondemolition measurements via quantum counting},
  author = {Milburn, G. J. and Walls, D. F.},
  journal = {Phys. Rev. A},
  volume = {28},
  issue = {5},
  pages = {2646--2648},
  numpages = {0},
  year = {1983},
  month = {Nov},
  publisher = {American Physical Society},
  doi = {10.1103/PhysRevA.28.2646},
  url = {https://link.aps.org/doi/10.1103/PhysRevA.28.2646}, 
  language = {english}
}

@ARTICLE{devoret2013superconducting,
  title={Superconducting circuits for quantum information: an outlook},
  author={Devoret, Michel H and Schoelkopf, Robert J},
  journal={Science},
  volume={339},
  number={6124},
  pages={1169--1174},
  year={2013},
  publisher={American Association for the Advancement of Science},
  language={english}
}
@ARTICLE{Schneider2015,
author = {Schneider, Andre},
keywords = {superconducting, qubit, quantum bit, Quantum state},
title = {{Quantum state tomography and benchmarking on superconducting qubits}},
year = {2015},
language = {english}
}
@ARTICLE{Mollow,
  title = {Power Spectrum of Light Scattered by Two-Level Systems},
  author = {Mollow, B. R.},
  journal = {Phys. Rev.},
  volume = {188},
  issue = {5},
  pages = {1969--1975},
  numpages = {0},
  year = {1969},
  month = {Dec},
  publisher = {American Physical Society},
  doi = {10.1103/PhysRev.188.1969},
  url = {https://link.aps.org/doi/10.1103/PhysRev.188.1969}
}
@ARTICLE {Devoret_SC_Outlook,
 author = {Devoret, M. H. and Schoelkopf, R. J.},
title = {Superconducting Circuits for Quantum Information: An Outlook},
volume = {339},
number = {6124},
pages = {1169--1174},
year = {2013},
doi = {10.1126/science.1231930},
publisher = {American Association for the Advancement of Science},
issn = {0036-8075},
url = {http://science.sciencemag.org/content/339/6124/1169},
journal = {Science}
}
@ARTICLE{maser2016few,
  title={Few-photon coherent nonlinear optics with a single molecule},
  author={Maser, Andreas and Gmeiner, Benjamin and Utikal, Tobias and G{\"o}tzinger, Stephan and Sandoghdar, Vahid},
  journal={Nature Photonics},
  volume={10},
  number={7},
  pages={450--453},
  year={2016},
  url={http://www.nature.com/nphoton/journal/v10/n7/abs/nphoton.2016.63.html},
  publisher={Nature Publishing Group}
}
@ARTICLE{ATS_3LS,
  title = {Autler-Townes Effect in a Superconducting Three-Level System},
  author = {Sillanp\"a\"a, Mika A. and Li, Jian and Cicak, Katarina and Altomare, Fabio and Park, Jae I. and Simmonds, Raymond W. and Paraoanu, G. S. and Hakonen, Pertti J.},
  journal = {Phys. Rev. Lett.},
  volume = {103},
  issue = {19},
  pages = {193601},
  numpages = {4},
  year = {2009},
  month = {Nov},
  publisher = {American Physical Society},
  doi = {10.1103/PhysRevLett.103.193601},
  url = {https://link.aps.org/doi/10.1103/PhysRevLett.103.193601}
}

@ARTICLE{Baur,
  title = {Measurement of Autler-Townes and Mollow Transitions in a Strongly Driven Superconducting Qubit},
  author = {Baur, M. and Filipp, S. and Bianchetti, R. and Fink, J. M. and G\"oppl, M. and Steffen, L. and Leek, P. J. and Blais, A. and Wallraff, A.},
  journal = {Phys. Rev. Lett.},
  volume = {102},
  issue = {24},
  pages = {243602},
  numpages = {4},
  year = {2009},
  month = {Jun},
  publisher = {American Physical Society},
  doi = {10.1103/PhysRevLett.102.243602},
  url = {https://link.aps.org/doi/10.1103/PhysRevLett.102.243602}
}

@ARTICLE{dmitriev2017quantum,
  title={Quantum wave mixing and visualisation of coherent and superposed photonic states in a waveguide},
  author={Dmitriev, A Yu and Shaikhaidarov, R and Antonov, VN and H{\"o}nigl-Decrinis, T and Astafiev, OV},
  journal={Nature Communications},
  volume={8},
  number={1},
  pages={1352},
  year={2017},
  publisher={Nature Publishing Group},
  url={https://www.nature.com/ARTICLEs/s41467-017-01471-x}
}
@ARTICLE{kippenberg2011microresonator,
  title={Microresonator-based optical frequency combs},
  author={Kippenberg, Tobias J and Holzwarth, Ronald and Diddams, SA},
  journal={Science},
  volume={332},
  number={6029},
  pages={555--559},
  year={2011},
  publisher={American Association for the Advancement of Science},
  url={http://science.sciencemag.org/content/332/6029/555}
}
@ARTICLE{Toyli2016ResSqueez,
  title = {Resonance Fluorescence from an Artificial Atom in Squeezed Vacuum},
  author = {Toyli, D. M. and Eddins, A. W. and Boutin, S. and Puri, S. and Hover, D. and Bolkhovsky, V. and Oliver, W. D. and Blais, A. and Siddiqi, I.},
  journal = {Phys. Rev. X},
  volume = {6},
  issue = {3},
  pages = {031004},
  numpages = {13},
  year = {2016},
  month = {Jul},
  publisher = {American Physical Society},
  doi = {10.1103/PhysRevX.6.031004},
  url = {https://link.aps.org/doi/10.1103/PhysRevX.6.031004},
  language={english}
}
@ARTICLE{CarmichaelSqueezedFluor,
  title = {Resonance fluorescence from an atom in a squeezed vacuum},
  author = {Carmichael, H. J. and Lane, A. S. and Walls, D. F.},
  journal = {Phys. Rev. Lett.},
  volume = {58},
  issue = {24},
  pages = {2539--2542},
  numpages = {0},
  year = {1987},
  month = {Jun},
  publisher = {American Physical Society},
  doi = {10.1103/PhysRevLett.58.2539},
  url = {https://link.aps.org/doi/10.1103/PhysRevLett.58.2539},
  language={english}
}

@ARTICLE{castellanos2008amplification,
  title={Amplification and squeezing of quantum noise with a tunable Josephson metamaterial},
  author={Castellanos-Beltran, MA and Irwin, KD and Hilton, GC and Vale, LR and Lehnert, KW},
  journal={Nature Physics},
  volume={4},
  number={12},
  pages={929},
  year={2008},
  publisher={Nature Publishing Group},
  url={https://www.nature.com/ARTICLEs/nphys1090}
}
@ARTICLE{lang2013correlations,
  title={Correlations, indistinguishability and entanglement in Hong-Ou-Mandel experiments at microwave frequencies},
  author={Lang, C and Eichler, C and Steffen, L and Fink, JM and Woolley, MJ and Blais, A and Wallraff, A},
  journal={Nature Physics},
  volume={9},
  number={6},
  pages={345--348},
  year={2013},
  url={http://www.nature.com/nphys/journal/v9/n6/abs/nphys2612.html},
  publisher={Nature Research},
  language={english}
}


@ARTICLE{peng2016tuneable,
  title={Tuneable on-demand single-photon source in the microwave range},
  author={Peng, ZH and De Graaf, SE and Tsai, JS and Astafiev, OV},
  journal={Nature Communications},
  volume={7},
  year={2016},
  url={http://www.nature.com/ARTICLEs/ncomms12588},
  publisher={Nature Research},
  language={english}
}

@ARTICLE{Microwave_optics_review,
title = "Microwave photonics with superconducting quantum circuits",
journal = "Physics Reports",
volume = "718-719",
pages = "1 - 102",
year = "2017",
issn = "0370-1573",
url = "http://www.sciencedirect.com/science/ARTICLE/pii/S0370157317303290",
author = "Xiu Gu and Anton Frisk Kockum and Adam Miranowicz and Yu-xi Liu and Franco Nori",
keywords = "Quantum optics, Atomic physics, Circuit QED, Cavity QED, Superconducting circuits, Quantum bits, Quantum information processing, Photon detection, Waveguide QED, Microwave photonics"
}
@ARTICLE{liu2014controllable,
  title={Controllable microwave three-wave mixing via a single three-level superconducting quantum circuit},
  author={Liu, Yu-xi and Sun, Hui-Chen and Peng, ZH and Miranowicz, Adam and Tsai, JS and Nori, Franco},
  journal={Scientific Reports},
  volume={4},
  pages={7289},
  year={2014},
  publisher={Nature Publishing Group},
  url={https://www.nature.com/ARTICLEs/srep07289}
}
@ARTICLE{slusher1985observation,
  title={Observation of squeezed states generated by four-wave mixing in an optical cavity},
  author={Slusher, R\_E and Hollberg, LW and Yurke, Bernard and Mertz, JC and Valley, JF},
  journal={Physical Review Letters},
  volume={55},
  number={22},
  pages={2409},
  year={1985},
  publisher={APS},
  url={https://journals.aps.org/prl/abstract/10.1103/PhysRevLett.55.2409}
}
@ARTICLE{Eichler_squeez,
  title = {Observation of Two-Mode Squeezing in the Microwave Frequency Domain},
  author = {Eichler, C. and Bozyigit, D. and Lang, C. and Baur, M. and Steffen, L. and Fink, J. M. and Filipp, S. and Wallraff, A.},
  journal = {Phys. Rev. Lett.},
  volume = {107},
  issue = {11},
  pages = {113601},
  numpages = {5},
  year = {2011},
  month = {Sep},
  publisher = {American Physical Society},
  doi = {10.1103/PhysRevLett.107.113601},
  url = {https://link.aps.org/doi/10.1103/PhysRevLett.107.113601}
}

@ARTICLE{FWM_3LS,
  title = {Four-wave mixing in three-level systems: Interference and entanglement},
  author = {Du, Shengwang and Oh, Eun and Wen, Jianming and Rubin, Morton H.},
  journal = {Phys. Rev. A},
  volume = {76},
  issue = {1},
  pages = {013803},
  numpages = {4},
  year = {2007},
  month = {Jul},
  publisher = {American Physical Society},
  doi = {10.1103/PhysRevA.76.013803},
  url = {https://link.aps.org/doi/10.1103/PhysRevA.76.013803},
  language={english}
}
@ARTICLE{Boller_EIT,
  title = {Observation of electromagnetically induced transparency},
  author = {Boller, K.-J. and Imamo\ifmmode \breve{g}\else \u{g}\fi{}lu, A. and Harris, S. E.},
  journal = {Phys. Rev. Lett.},
  volume = {66},
  issue = {20},
  pages = {2593--2596},
  numpages = {0},
  year = {1991},
  month = {May},
  publisher = {American Physical Society},
  doi = {10.1103/PhysRevLett.66.2593},
  url = {https://link.aps.org/doi/10.1103/PhysRevLett.66.2593},
  language={english}
}
@article{picque1976direct,
  title={Direct observation of the Autler-Townes effect in the optical range},
  author={Picque, JL and Pinard, J},
  journal={Journal of Physics B: Atomic and Molecular Physics},
  volume={9},
  number={5},
  pages={L77},
  year={1976},
  publisher={IOP Publishing},
  language={english}
}
@ARTICLE{ATS_3D_transmon,
  title = {Autler-Townes splitting in a three-dimensional transmon superconducting qubit},
  author = {Novikov, S. and Robinson, J. E. and Keane, Z. K. and Suri, B. and Wellstood, F. C. and Palmer, B. S.},
  journal = {Phys. Rev. B},
  volume = {88},
  issue = {6},
  pages = {060503},
  numpages = {5},
  year = {2013},
  month = {Aug},
  publisher = {American Physical Society},
  doi = {10.1103/PhysRevB.88.060503},
  url = {https://link.aps.org/doi/10.1103/PhysRevB.88.060503},
  language={english}
}
@ARTICLE{wen2017reflective,
  title={Reflective amplification without population inversion from a strongly driven superconducting qubit},
  author={Wen, PY and Kockum, AF and Ian, H and Chen, JC and Nori, F and Hoi, I-C},
  journal={arXiv preprint arXiv:1707.06400},
  year={2017},
  url={https://arxiv.org/pdf/1707.06400.pdf}
}
@ARTICLE{li2012dynamical,
  title={Dynamical Autler-Townes control of a phase qubit},
  author={Li, Jian and Paraoanu, GS and Cicak, Katarina and Altomare, Fabio and Park, Jae I and Simmonds, Raymond W and Sillanp{\"a}{\"a}, Mika A and Hakonen, Pertti J},
  journal={Scientific reports},
  volume={2},
  pages={645},
  year={2012},
  publisher={Nature Publishing Group},
  url={https://www.nature.com/ARTICLEs/srep00645}
}
@ARTICLE{Abdumalikov_EIT,
  title = {Electromagnetically Induced Transparency on a Single Artificial Atom},
  author = {Abdumalikov, A. A. and Astafiev, O. and Zagoskin, A. M. and Pashkin, Yu. A. and Nakamura, Y. and Tsai, J. S.},
  journal = {Phys. Rev. Lett.},
  volume = {104},
  issue = {19},
  pages = {193601},
  numpages = {4},
  year = {2010},
  month = {May},
  publisher = {American Physical Society},
  doi = {10.1103/PhysRevLett.104.193601},
  url = {https://link.aps.org/doi/10.1103/PhysRevLett.104.193601},
  language={english}
}

@ARTICLE{einstein1917quantentheorie,
  title={Zur quantentheorie der strahlung},
  author={Einstein, Albert},
  journal={Physikalische Zeitschrift},
  volume={18},
  year={1917}
}
@ARTICLE{vieu2000electron,
  title={Electron beam lithography: resolution limits and applications},
  author={Vieu, C and Carcenac, F and Pepin, A and Chen, Y and Mejias, M and Lebib, A and Manin-Ferlazzo, L and Couraud, L and Launois, H},
  journal={Applied surface science},
  volume={164},
  number={1-4},
  pages={111--117},
  year={2000},
  publisher={Elsevier},
  language={english}
}
@ARTICLE{bozyigit2011antibunching,
  title={Antibunching of microwave-frequency photons observed in correlation measurements using linear detectors},
  author={Bozyigit, D and Lang, C and Steffen, L and Fink, JM and Eichler, C and Baur, M and Bianchetti, R and Leek, PJ and Filipp, S and Da Silva, MP and others},
  journal={Nature Physics},
  volume={7},
  number={2},
  pages={154--158},
  year={2011},
  url={http://www.nature.com/nphys/journal/v7/n2/full/nphys1845.html},
  publisher={Nature Publishing Group}
}
@ARTICLE{devoret2005implementing,
  title={Implementing qubits with superconducting integrated circuits},
  author={Devoret, Michel H and Martinis, John M},
  journal={Experimental aspects of quantum computing},
  pages={163--203},
  year={2005},
  publisher={Springer},
  language={english}
}
@ARTICLE{wallraff2004strong,
  title={Strong coupling of a single photon to a superconducting qubit using circuit quantum electrodynamics},
  author={Wallraff, Andreas and Schuster, David I and Blais, Alexandre and Frunzio, L and Huang, R-S and Majer, J and Kumar, S and Girvin, Steven M and Schoelkopf, Robert J},
  journal={Nature},
  volume={431},
  number={7005},
  pages={162--167},
  year={2004},
  url={http://www.nature.com/nature/journal/v431/n7005/abs/nature02851.html},
  publisher={Nature Publishing Group}
}
@ARTICLE{blais2004cavity,
  title={Cavity quantum electrodynamics for superconducting electrical circuits: An architecture for quantum computation},
  author={Blais, Alexandre and Huang, Ren-Shou and Wallraff, Andreas and Girvin, Steven M and Schoelkopf, R Jun},
  journal={Physical Review A},
  volume={69},
  number={6},
  pages={062320},
  year={2004},
  publisher={APS},
  language={english}
}
@ARTICLE{Astafiev2010resonance,
  title={Resonance fluorescence of a single artificial atom},
  author={Astafiev, O and Zagoskin, Alexandre M and Abdumalikov, AA and Pashkin, Yu A and Yamamoto, T and Inomata, K and Nakamura, Y and Tsai, JS},
  journal={Science},
  volume={327},
  number={5967},
  pages={840--843},
  year={2010},
  url={http://science.sciencemag.org/content/327/5967/840},
  publisher={American Association for the Advancement of Science}
}

@ARTICLE{Delsing2013microwave1Dspace,
  title={Microwave quantum optics with an artificial atom in one-dimensional open space},
  author={Hoi, Io-Chun and Wilson, CM and Johansson, G{\"o}ran and Lindkvist, Joel and Peropadre, Borja and Palomaki, Tauno and Delsing, Per},
  journal={New Journal of Physics},
  volume={15},
  number={2},
  pages={025011},
  year={2013},
  url = {http://dx.doi.org/10.1088/1367-2630/15/2/025011},
  publisher={IOP Publishing}
}

@ARTICLE{chang2007single,
  title={A single-photon transistor using nanoscale surface plasmons},
  author={Chang, Darrick E and S{\o}rensen, Anders S and Demler, Eugene A and Lukin, Mikhail D},
  journal={Nature Physics},
  volume={3},
  number={11},
  pages={807--812},
  year={2007},
  url={http://www.nature.com/nphys/journal/v3/n11/abs/nphys708.html},
  publisher={Nature Publishing Group}
}

@ARTICLE{single-photon-router,
  title = {Demonstration of a Single-Photon Router in the Microwave Regime},
  author = {Hoi, Io-Chun and Wilson, C. M. and Johansson, G\"oran and Palomaki, Tauno and Peropadre, Borja and Delsing, Per},
  journal = {Phys. Rev. Lett.},
  volume = {107},
  issue = {7},
  pages = {073601},
  numpages = {5},
  year = {2011},
  month = {Aug},
  publisher = {American Physical Society},
  doi = {10.1103/PhysRevLett.107.073601},
  url = {http://link.aps.org/doi/10.1103/PhysRevLett.107.073601}
}

@ARTICLE{Shoelkopf-N-gates,
  title = {Cavity State Manipulation Using Photon-Number Selective Phase Gates},
  author = {Heeres, Reinier W. and Vlastakis, Brian and Holland, Eric and Krastanov, Stefan and Albert, Victor V. and Frunzio, Luigi and Jiang, Liang and Schoelkopf, Robert J.},
  journal = {Phys. Rev. Lett.},
  volume = {115},
  issue = {13},
  pages = {137002},
  numpages = {5},
  year = {2015},
  month = {Sep},
  publisher = {American Physical Society},
  doi = {10.1103/PhysRevLett.115.137002},
  url = {http://link.aps.org/doi/10.1103/PhysRevLett.115.137002}
}

@ARTICLE{tey2008strong-int,
  title={Strong interaction between light and a single trapped atom without the need for a cavity},
  author={Tey, Meng Khoon and Chen, Zilong and Aljunid, Syed Abdullah and Chng, Brenda and Huber, Florian and Maslennikov, Gleb and Kurtsiefer, Christian},
  journal={Nature Physics},
  volume={4},
  number={12},
  pages={924--927},
  year={2008},
  publisher={Nature Publishing Group}
}
@ARTICLE{munro2005weak,
  title={Weak nonlinearities: a new route to optical quantum computation},
  author={Munro, William J and Nemoto, Kae and Spiller, Timothy P},
  journal={New Journal of Physics},
  volume={7},
  number={1},
  pages={137},
  year={2005},
  publisher={IOP Publishing},
  url={http://iopscience.iop.org/ARTICLE/10.1088/1367-2630/7/1/137/meta}
}
@ARTICLE{WeakNon,
  title = {Quantum control gates with weak cross-Kerr nonlinearity},
  author = {Lin, Qing and Li, Jian},
  journal = {Phys. Rev. A},
  volume = {79},
  issue = {2},
  pages = {022301},
  numpages = {5},
  year = {2009},
  month = {Feb},
  publisher = {American Physical Society},
  doi = {10.1103/PhysRevA.79.022301},
  url = {https://link.aps.org/doi/10.1103/PhysRevA.79.022301}

}
@ARTICLE{Fredkin,
  title = {Quantum optical Fredkin gate},
  author = {Milburn, G. J.},
  journal = {Phys. Rev. Lett.},
  volume = {62},
  issue = {18},
  pages = {2124--2127},
  numpages = {0},
  year = {1989},
  month = {May},
  publisher = {American Physical Society},
  doi = {10.1103/PhysRevLett.62.2124},
  url = {https://link.aps.org/doi/10.1103/PhysRevLett.62.2124}
}

@ARTICLE{Brod_CPHASE,
  title = {Passive CPHASE Gate via Cross-Kerr Nonlinearities},
  author = {Brod, Daniel J. and Combes, Joshua},
  journal = {Phys. Rev. Lett.},
  volume = {117},
  issue = {8},
  pages = {080502},
  numpages = {6},
  year = {2016},
  month = {Aug},
  publisher = {American Physical Society},
  doi = {10.1103/PhysRevLett.117.080502},
  url = {https://link.aps.org/doi/10.1103/PhysRevLett.117.080502}
}

@ARTICLE{astafiev2007single,
  title={Single artificial-atom lasing},
  author={Astafiev, O and Inomata, K and Niskanen, AO and Yamamoto, T and Pashkin, Yu A and Nakamura, Yasunobu and Tsai, JS},
  journal={Nature},
  volume={449},
  number={7162},
  pages={588},
  year={2007},
  publisher={Nature Publishing Group},
  url={https://www.nature.com/ARTICLEs/nature06141}
}

@ARTICLE{kirchmair2013observation,
  title={Observation of quantum state collapse and revival due to the single-photon Kerr effect},
  author={Kirchmair, Gerhard and Vlastakis, Brian and Leghtas, Zaki and Nigg, Simon E and Paik, Hanhee and Ginossar, Eran and Mirrahimi, Mazyar and Frunzio, Luigi and Girvin, Steven M and Schoelkopf, Robert J},
  journal={Nature},
  volume={495},
  number={7440},
  pages={205},
  year={2013},
  publisher={Nature Publishing Group},
  url={https://www.nature.com/ARTICLEs/nature11902}
}

@ARTICLE{Delsing-giant-Kross-Kerr,
  title = {Giant Cross\char21{}Kerr Effect for Propagating Microwaves Induced by an Artificial Atom},
  author = {Hoi, Io-Chun and Kockum, Anton F. and Palomaki, Tauno and Stace, Thomas M. and Fan, Bixuan and Tornberg, Lars and Sathyamoorthy, Sankar R. and Johansson, G\"oran and Delsing, Per and Wilson, C. M.},
  journal = {Phys. Rev. Lett.},
  volume = {111},
  issue = {5},
  pages = {053601},
  numpages = {5},
  year = {2013},
  month = {Aug},
  publisher = {American Physical Society},
  doi = {10.1103/PhysRevLett.111.053601},
  url = {http://link.aps.org/doi/10.1103/PhysRevLett.111.053601}
}

@ARTICLE{you2011,
  title={Atomic physics and quantum optics using superconducting circuits},
  author={You, J. Q. and Nori, Franco},
  journal={Nature},
  volume={474},
  number={7353},
  pages={589--597},
  year={2011},
  url={http://www.nature.com/nature/journal/v474/n7353/full/nature10122.html},
  publisher={Nature Publishing Group}
}

@ARTICLE{astafiev2007single,
  title={Single artificial-atom lasing},
  author={Astafiev, O and Inomata, K and Niskanen, A O and Yamamoto, T and Pashkin, Yu A and Nakamura, Y and Tsai, JS},
  journal={Nature},
  volume={449},
  number={7162},
  pages={588--590},
  year={2007},
  url={http://www.nature.com/nature/journal/v449/n7162/abs/nature06141.html},
  publisher={Nature Publishing Group}
}

@ARTICLE{ip2008coherent-detection-optics,
  title={Coherent detection in optical fiber systems},
  author={Ip, Ezra and Lau, Alan Pak Tao and Barros, Daniel JF and Kahn, Joseph M},
  journal={Optics express},
  volume={16},
  number={2},
  pages={753--791},
  year={2008},
  url={https://www.osapublishing.org/oe/abstract.cfm?uri=oe-16-2-753},
  publisher={Optical Society of America}
}

@ARTICLE{clarke2008superconducting,
  title={Superconducting quantum bits},
  author={Clarke, John and Wilhelm, Frank K},
  journal={Nature},
  volume={453},
  number={7198},
  pages={1031--1042},
  year={2008},
  url={http://www.nature.com/nature/journal/v453/n7198/abs/nature07128.html},
  publisher={Nature Publishing Group}
}

@ARTICLE {vanLoo1494,
author = {van Loo, Arjan F. and Fedorov, Arkady and Lalumi{\`e}re, Kevin and Sanders, Barry C. and Blais, Alexandre and Wallraff, Andreas},
title = {Photon-Mediated Interactions Between Distant Artificial Atoms},
volume = {342},
number = {6165},
pages = {1494--1496},
year = {2013},
url = {http://science.sciencemag.org/content/342/6165/1494},
publisher = {American Association for the Advancement of Science},
issn = {0036-8075},
journal = {Science},
language={english}
}

@ARTICLE{Strongly1D,
  title = {Colloquium: strongly interacting photons in one-dimensional continuum},
  author = {Roy, Dibyendu and Wilson, C. M. and Firstenberg, Ofer},
  journal = {Rev. Mod. Phys.},
  volume = {89},
  issue = {2},
  pages = {021001},
  numpages = {23},
  year = {2017},
  month = {May},
  publisher = {American Physical Society},
  doi = {10.1103/RevModPhys.89.021001},
  url = {https://link.aps.org/doi/10.1103/RevModPhys.89.021001}
}

@ARTICLE{BarangerMultipleEmitters,
  title = {Multiple emitters in a waveguide: Nonreciprocity and correlated photons at perfect elastic transmission},
  author = {Fang, Yao-Lung L. and Baranger, Harold U.},
  journal = {Phys. Rev. A},
  volume = {96},
  issue = {1},
  pages = {013842},
  numpages = {11},
  year = {2017},
  month = {Jul},
  publisher = {American Physical Society},
  doi = {10.1103/PhysRevA.96.013842},
  url = {https://link.aps.org/doi/10.1103/PhysRevA.96.013842}
}

@ARTICLE{mlynek2014observation,
  title={Observation of Dicke superradiance for two artificial atoms in a cavity with high decay rate.},
  author={Mlynek, JA and Abdumalikov, AA and Eichler, C and Wallraff, A},
  journal={Nature Communications},
  volume={5},
  pages={5186},
  year={2014}
}
@ARTICLE{kockum2019quantum,
  title={Quantum optics with giant atoms--the first five years},
  author={Kockum, Anton Frisk},
  journal={arXiv preprint arXiv:1912.13012},
  year={2019},
   language={english}
}
@ARTICLE{kannan2019waveguide,
  title={Waveguide Quantum Electrodynamics with Giant Superconducting Artificial Atoms},
  author={Kannan, Bharath and Ruckriegel, Max and Campbell, Daniel and Kockum, Anton Frisk and Braum{\"u}ller, Jochen and Kim, David and Kjaergaard, Morten and Krantz, Philip and Melville, Alexander and Niedzielski, Bethany M and others},
  journal={arXiv preprint arXiv:1912.12233},
  year={2019},
  language={english}
}
@ARTICLE{mirhosseini2019cavity,
  title={Cavity quantum electrodynamics with atom-like mirrors},
  author={Mirhosseini, Mohammad and Kim, Eunjong and Zhang, Xueyue and Sipahigil, Alp and Dieterle, Paul B and Keller, Andrew J and Asenjo-Garcia, Ana and Chang, Darrick E and Painter, Oskar},
  journal={Nature},
  volume={569},
  number={7758},
  pages={692--697},
  year={2019},
  publisher={Nature Publishing Group},
  language={english}
}

@ARTICLE{Shen-1D-coupling,
  title = {Coherent Single Photon Transport in a One-Dimensional Waveguide Coupled with Superconducting Quantum Bits},
  author = {Shen, Jung-Tsung and Fan, Shanhui},
  journal = {Phys. Rev. Lett.},
  volume = {95},
  issue = {21},
  pages = {213001},
  numpages = {4},
  year = {2005},
  month = {Nov},
  publisher = {American Physical Society},
  doi = {10.1103/PhysRevLett.95.213001},
  url = {http://link.aps.org/doi/10.1103/PhysRevLett.95.213001}
}
@ARTICLE{blais2004cavity,
  title={Cavity quantum electrodynamics for superconducting electrical circuits: An architecture for quantum computation},
  author={Blais, Alexandre and Huang, Ren-Shou and Wallraff, Andreas and Girvin, Steven M and Schoelkopf, R Jun},
  journal={Physical Review A},
  volume={69},
  number={6},
  pages={062320},
  year={2004},
  publisher={APS},
  language={english}
}
@ARTICLE{Wenner2011surface,
author = {J. Wenner and R. Barends and R. C. Bialczak and Yu Chen and J. Kelly and Erik Lucero and Matteo Mariantoni and A. Megrant and P. J. J. O’Malley and D. Sank and A. Vainsencher and H. Wang and T. C. White and Y. Yin and J. Zhao and A. N. Cleland and John M. Martinis},
title = {Surface loss simulations of superconducting coplanar waveguide resonators},
journal = {Applied Physics Letters},
volume = {99},
number = {11},
pages = {113513},
year = {2011},
language={english}
}
@ARTICLE{mallet2009single,
  title={Single-shot qubit readout in circuit quantum electrodynamics},
  author={Mallet, Francois and Ong, Florian R and Palacios-Laloy, Agustin and Nguyen, Francois and Bertet, Patrice and Vion, Denis and Esteve, Daniel},
  journal={Nature Physics},
  volume={5},
  number={11},
  pages={791},
  year={2009},
  publisher={Nature Publishing Group},
  language={english}
}
@ARTICLE{vool2017introduction,
  title={Introduction to quantum electromagnetic circuits},
  author={Vool, Uri and Devoret, Michel},
  journal={International Journal of Circuit Theory and Applications},
  volume={45},
  number={7},
  pages={897--934},
  year={2017},
  publisher={Wiley Online Library},
  language={english}
}
@ARTICLE{Bardeen,
  title={Theory of superconductivity},
  author={Bardeen, John and Cooper, Leon N and Schrieffer, John Robert},
  journal={Physical review},
  volume={108},
  number={5},
  pages={1175},
  year={1957},
  publisher={APS},
  language={english}
}
@ARTICLE{castellanos2007widely,
  title={Widely tunable parametric amplifier based on a superconducting quantum interference device array resonator},
  author={Castellanos-Beltran, MA and Lehnert, KW},
  journal={Applied Physics Letters},
  volume={91},
  number={8},
  pages={083509},
  year={2007},
  publisher={AIP},
  language={english}
}
@ARTICLE{astafiev2012coherent,
  title={Coherent quantum phase slip},
  author={Astafiev, OV and Ioffe, LB and Kafanov, S and Pashkin, Yu A and Arutyunov, K Yu and Shahar, D and Cohen, O and Tsai, JS},
  journal={Nature},
  volume={484},
  number={7394},
  pages={355},
  year={2012},
  publisher={Nature Publishing Group},
  language={english}
}
@BOOK{Schmidt,
  title={Введение в физику сверхпроводников},
  author={Шмидт, ВВ},
  publisher={М.: МЦНМО},
  year={2000},
  language={russian}  
}
@ARTICLE{CooperPairs,
  title = {Bound Electron Pairs in a Degenerate Fermi Gas},
  author = {Cooper, Leon N.},
  journal = {Phys. Rev.},
  volume = {104},
  issue = {4},
  pages = {1189--1190},
  numpages = {0},
  year = {1956},
  month = {Nov},
  publisher = {American Physical Society},
  doi = {10.1103/PhysRev.104.1189},
  url = {https://link.aps.org/doi/10.1103/PhysRev.104.1189},
  language={english}
}
@ARTICLE{girvin2011circuit,
  title={Circuit QED: superconducting qubits coupled to microwave photons},
  author={Girvin, Steven M},
  journal={Quantum Machines: Measurement and Control of Engineered Quantum Systems},
  pages={113},
  year={2011},
  language={english}
}
@ARTICLE{CPhiR_review,
  title = {The current-phase relation in Josephson junctions},
  author = {Golubov, A. A. and Kupriyanov, M. Yu. and Il'ichev, E.},
  journal = {Rev. Mod. Phys.},
  volume = {76},
  issue = {2},
  pages = {411--469},
  numpages = {0},
  year = {2004},
  month = {Apr},
  publisher = {American Physical Society},
  doi = {10.1103/RevModPhys.76.411},
  url = {https://link.aps.org/doi/10.1103/RevModPhys.76.411},
 language={english}
}
@ARTICLE{GiaeverGap,
  title = {Electron Tunneling Between Two Superconductors},
  author = {Giaever, Ivar},
  journal = {Phys. Rev. Lett.},
  volume = {5},
  issue = {10},
  pages = {464--466},
  numpages = {0},
  year = {1960},
  month = {Nov},
  publisher = {American Physical Society},
  doi = {10.1103/PhysRevLett.5.464},
  url = {https://link.aps.org/doi/10.1103/PhysRevLett.5.464},
  language={english}
}
@article{LikharevWL,
  title = {Superconducting weak links},
  author = {Likharev, K. K.},
  journal = {Rev. Mod. Phys.},
  volume = {51},
  issue = {1},
  pages = {101--159},
  numpages = {0},
  year = {1979},
  month = {Jan},
  publisher = {American Physical Society},
  doi = {10.1103/RevModPhys.51.101},
  url = {https://link.aps.org/doi/10.1103/RevModPhys.51.101},
  language={english}
}
@ARTICLE{StatJosephsonExp,
  title = {Probable Observation of the Josephson Superconducting Tunneling Effect},
  author = {Anderson, P. W. and Rowell, J. M.},
  journal = {Phys. Rev. Lett.},
  volume = {10},
  issue = {6},
  pages = {230--232},
  numpages = {0},
  year = {1963},
  month = {Mar},
  publisher = {American Physical Society},
  doi = {10.1103/PhysRevLett.10.230},
  url = {https://link.aps.org/doi/10.1103/PhysRevLett.10.230},
  language={english}
}

@ARTICLE{FluxQuant,
  title = {Experimental Evidence for Quantized Flux in Superconducting Cylinders},
  author = {Deaver, Bascom S. and Fairbank, William M.},
  journal = {Phys. Rev. Lett.},
  volume = {7},
  issue = {2},
  pages = {43--46},
  numpages = {0},
  year = {1961},
  month = {Jul},
  publisher = {American Physical Society},
  doi = {10.1103/PhysRevLett.7.43},
  url = {https://link.aps.org/doi/10.1103/PhysRevLett.7.43},
  language={english}
}
@ARTICLE{macha2014implementation,
  title={Implementation of a quantum metamaterial using superconducting qubits},
  author={Macha, Pascal and Oelsner, Gregor and Reiner, Jan-Michael and Marthaler, Michael and Andr{\'e}, Stephan and Sch{\"o}n, Gerd and H{\"u}bner, Uwe and Meyer, Hans-Georg and Il’ichev, Evgeni and Ustinov, Alexey V},
  journal={Nature communications},
  volume={5},
  pages={5146},
  year={2014},
  publisher={Nature Publishing Group},
  language={english}
}
@ARTICLE{zagoskin2012superconducting,
  title={Superconducting quantum metamaterials in 3D: possible realizations},
  author={Zagoskin, AM},
  journal={Journal of Optics},
  volume={14},
  number={11},
  pages={114011},
  year={2012},
  publisher={IOP Publishing},
  language={english}
}
@BOOK{Barone,
  title={Physics and applications of the Josephson effect},
  author={Barone, Antonio and Paterno, Gianfranco},
  year={1982},
  publisher={Wiley},
  language={english}
}
@ARTICLE{castellanos2008amplification,
  title={Amplification and squeezing of quantum noise with a tunable Josephson metamaterial},
  author={Castellanos-Beltran, MA and Irwin, KD and Hilton, GC and Vale, LR and Lehnert, KW},
  journal={Nature Physics},
  volume={4},
  number={12},
  pages={929},
  year={2008},
  publisher={Nature Publishing Group},
  language={english}
}
@ARTICLE{macklin2015near,
  title={A near--quantum-limited Josephson traveling-wave parametric amplifier},
  author={Macklin, Chris and O’Brien, K and Hover, D and Schwartz, ME and Bolkhovsky, V and Zhang, X and Oliver, WD and Siddiqi, I},
  journal={Science},
  volume={350},
  number={6258},
  pages={307--310},
  year={2015},
  publisher={American Association for the Advancement of Science},
  language={english}
}
@BOOK{Tinkham,
  title={Introduction to superconductivity},
  author={Tinkham, Michael},
  year={2004},
  publisher={Courier Corporation},
  language={english}
}
@ARTICLE{motzoi2009simple,
  title={Simple pulses for elimination of leakage in weakly nonlinear qubits},
  author={Motzoi, F and Gambetta, Jay M and Rebentrost, P and Wilhelm, Frank K},
  journal={Physical review letters},
  volume={103},
  number={11},
  pages={110501},
  year={2009},
  publisher={APS},
  language={english} 
}
@ARTICLE{magesan2011scalable,
  title={Scalable and robust randomized benchmarking of quantum processes},
  author={Magesan, Easwar and Gambetta, Jay M and Emerson, Joseph},
  journal={Physical review letters},
  volume={106},
  number={18},
  pages={180504},
  year={2011},
  publisher={APS},
  language={english}
}
@ARTICLE{majer2007coupling,
  title={Coupling superconducting qubits via a cavity bus},
  author={Majer, J and Chow, JM and Gambetta, JM and Koch, Jens and Johnson, BR and Schreier, JA and Frunzio, L and Schuster, DI and Houck, AA and Wallraff, Andreas and others},
  journal={Nature},
  volume={449},
  number={7161},
  pages={443},
  year={2007},
  publisher={Nature Publishing Group},
  language={english}
}
@article{Chiral,
  title = {Sensitive Chiral Analysis via Microwave Three-Wave Mixing},
  author = {Patterson, David and Doyle, John M.},
  journal = {Phys. Rev. Lett.},
  volume = {111},
  issue = {2},
  pages = {023008},
  numpages = {5},
  year = {2013},
  month = {Jul},
  publisher = {American Physical Society},
  doi = {10.1103/PhysRevLett.111.023008},
  url = {https://link.aps.org/doi/10.1103/PhysRevLett.111.023008}
}

@ARTICLE{knill2008randomized,
  title={Randomized benchmarking of quantum gates},
  author={Knill, Emanuel and Leibfried, D and Reichle, R and Britton, J and Blakestad, RB and Jost, John D and Langer, C and Ozeri, R and Seidelin, Signe and Wineland, David J},
  journal={Physical Review A},
  volume={77},
  number={1},
  pages={012307},
  year={2008},
  publisher={APS},
  language={english}
}
@ARTICLE{abdumalikov2011dynamics,
  title={Dynamics of coherent and incoherent emission from an artificial atom in a 1D space},
  author={Abdumalikov Jr, A A and Astafiev, O V and Pashkin, Yu A and Nakamura, Y and Tsai, JS},
  journal={Phys. Rev. Lett.},
  volume={107},
  number={4},
  pages={043604},
  year={2011},
  url={http://journals.aps.org/prl/abstract/10.1103/PhysRevLett.107.043604},
  publisher={APS}
}
@ARTICLE{koch2007charge,
  title={Charge-insensitive qubit design derived from the Cooper pair box},
  author={Koch, Jens and Terri, M Yu and Gambetta, Jay and Houck, Andrew A and Schuster, DI and Majer, J and Blais, Alexandre and Devoret, Michel H and Girvin, Steven M and Schoelkopf, Robert J},
  journal={Physical Review A},
  volume={76},
  number={4},
  pages={042319},
  year={2007},
  publisher={APS},
language={english}
}
@article{grangier1986experimental,
  title={Experimental evidence for a photon anticorrelation effect on a beam splitter: a new light on single-photon interferences},
  author={Grangier, Philippe and Roger, Gerard and Aspect, Alain},
  journal={EPL (Europhysics Letters)},
  volume={1},
  number={4},
  pages={173},
  year={1986},
  publisher={IOP Publishing}
}
@ARTICLE{takita2017experimental,
  title={Experimental demonstration of fault-tolerant state preparation with superconducting qubits},
  author={Takita, Maika and Cross, Andrew W and C{\'o}rcoles, AD and Chow, Jerry M and Gambetta, Jay M},
  journal={Physical review letters},
  volume={119},
  number={18},
  pages={180501},
  year={2017},
  publisher={APS},
  language={english}
}
@ARTICLE{jeffrey2014fast,
  title={Fast accurate state measurement with superconducting qubits},
  author={Jeffrey, Evan and Sank, Daniel and Mutus, JY and White, TC and Kelly, J and Barends, R and Chen, Y and Chen, Z and Chiaro, B and Dunsworth, A and others},
  journal={Physical review letters},
  volume={112},
  number={19},
  pages={190504},
  year={2014},
  publisher={APS},
  language={english}
}
@BOOK{cottet2002implementation,
  title={Implementation of a quantum bit in a superconducting circuit},
  author={Cottet, Audrey},
  year={2002},
  school={PhD Thesis, Universit{\'e} Paris 6}
}
@ARTICLE{transmon,
  title = {Suppressing charge noise decoherence in superconducting charge qubits},
  author = {Schreier, J. A. and Houck, A. A. and Koch, Jens and Schuster, D. I. and Johnson, B. R. and Chow, J. M. and Gambetta, J. M. and Majer, J. and Frunzio, L. and Devoret, M. H. and Girvin, S. M. and Schoelkopf, R. J.},
  journal = {Phys. Rev. B},
  volume = {77},
  issue = {18},
  pages = {180502},
  numpages = {4},
  year = {2008},
  month = {May},
  publisher = {American Physical Society},
  doi = {10.1103/PhysRevB.77.180502},
  url = {https://link.aps.org/doi/10.1103/PhysRevB.77.180502}
}

@ARTICLE{JJ_capacitance,
  title = {Crossover from global to local rule for the Coulomb blockade in small tunnel junctions},
  author = {Wahlgren, P. and Delsing, P. and Haviland, D. B.},
  journal = {Phys. Rev. B},
  volume = {52},
  issue = {4},
  pages = {R2293--R2296},
  numpages = {0},
  year = {1995},
  month = {Jul},
  publisher = {American Physical Society},
  doi = {10.1103/PhysRevB.52.R2293},
  url = {https://link.aps.org/doi/10.1103/PhysRevB.52.R2293},
  language={english}
}

@ARTICLE{barends2014superconducting,
  title={Superconducting quantum circuits at the surface code threshold for fault tolerance},
  author={Barends, Rami and Kelly, Julian and Megrant, Anthony and Veitia, Andrzej and Sank, Daniel and Jeffrey, Evan and White, Ted C and Mutus, Josh and Fowler, Austin G and Campbell, Brooks and others},
  journal={Nature},
  volume={508},
  number={7497},
  pages={500},
  year={2014},
  publisher={Nature Publishing Group},
  language={english}
}
@ARTICLE{chiorescu2004coherent,
  title={Coherent dynamics of a flux qubit coupled to a harmonic oscillator},
  author={Chiorescu, I and Bertet, P and Semba, K and Nakamura, Y and Harmans, CJPM and Mooij, JE},
  journal={Nature},
  volume={431},
  number={7005},
  pages={159},
  year={2004},
  publisher={Nature Publishing Group},
  language={english}
}
@ARTICLE{orlando1999superconducting,
  title={Superconducting persistent-current qubit},
  author={Orlando, TP and Mooij, JE and Tian, Lin and van der Wal, Caspar H and Levitov, LS and Lloyd, Seth and Mazo, JJ},
  journal={Physical Review B},
  volume={60},
  number={22},
  pages={15398},
  year={1999},
  publisher={APS},
  language={engilsh}
}
@ARTICLE{martin2010resonance,
  title={Resonance energy transfer and superradiance mediated by plasmonic nanowaveguides},
  author={Mart{\'\i}n-Cano, Diego and Martín-Moreno, Luis and García-Vidal, Francisco J and Moreno, Esteban},
  journal={Nano letters},
  volume={10},
  number={8},
  pages={3129--3134},
  year={2010},
  publisher={ACS Publications},
  language={english}
}
@ARTICLE{akimov2007generation,
  title={Generation of single optical plasmons in metallic nanowires coupled to quantum dots},
  author={Akimov, AV and Mukherjee, A and Yu, CL and Chang, DE and Zibrov, AS and Hemmer, PR and Park, H and Lukin, MD},
  journal={Nature},
  volume={450},
  number={7168},
  pages={402--406},
  year={2007},
  publisher={Nature Publishing Group},
  language={englsh}
}
@ARTICLE{Vetsch2010,
  title = {Optical Interface Created by Laser-Cooled Atoms Trapped in the Evanescent Field Surrounding an Optical Nanofiber},
  author = {Vetsch, E. and Reitz, D. and Sagu\'e, G. and Schmidt, R. and Dawkins, S. T. and Rauschenbeutel, A.},
  journal = {Phys. Rev. Lett.},
  volume = {104},
  issue = {20},
  pages = {203603},
  numpages = {4},
  year = {2010},
  month = {May},
  publisher = {American Physical Society},
  doi = {10.1103/PhysRevLett.104.203603},
  url = {https://link.aps.org/doi/10.1103/PhysRevLett.104.203603},
  language={english}
}
@ARTICLE{Gerhard2007moleculeExt,
  title = {Strong Extinction of a Laser Beam by a Single Molecule},
  author = {Gerhardt, I. and Wrigge, G. and Bushev, P. and Zumofen, G. and Agio, M. and Pfab, R. and Sandoghdar, V.},
  journal = {Phys. Rev. Lett.},
  volume = {98},
  issue = {3},
  pages = {033601},
  numpages = {4},
  year = {2007},
  month = {Jan},
  publisher = {American Physical Society},
  doi = {10.1103/PhysRevLett.98.033601},
  url = {https://link.aps.org/doi/10.1103/PhysRevLett.98.033601},
  language={english}
}

@ARTICLE{tey2008strong,
  title={Strong interaction between light and a single trapped atom without the need for a cavity},
  author={Tey, Meng Khoon and Chen, Zilong and Aljunid, Syed Abdullah and Chng, Brenda and Huber, Florian and Maslennikov, Gleb and Kurtsiefer, Christian},
  journal={Nature Physics},
  volume={4},
  number={12},
  pages={924--927},
  year={2008},
  publisher={Nature Publishing Group},
  language={russian}
}
@ARTICLE{Arcari2014NearUnity,
  title = {Near-Unity Coupling Efficiency of a Quantum Emitter to a Photonic Crystal Waveguide},
  author = {Arcari, M. and S\"ollner, I. and Javadi, A. and Lindskov Hansen, S. and Mahmoodian, S. and Liu, J. and Thyrrestrup, H. and Lee, E. H. and Song, J. D. and Stobbe, S. and Lodahl, P.},
  journal = {Phys. Rev. Lett.},
  volume = {113},
  issue = {9},
  pages = {093603},
  numpages = {5},
  year = {2014},
  month = {Aug},
  publisher = {American Physical Society},
  doi = {10.1103/PhysRevLett.113.093603},
  url = {https://link.aps.org/doi/10.1103/PhysRevLett.113.093603},
  language={english}
}

@ARTICLE{Goban2012fibertrap,
  title = {Demonstration of a State-Insensitive, Compensated Nanofiber Trap},
  author = {Goban, A. and Choi, K. S. and Alton, D. J. and Ding, D. and Lacro\^ute, C. and Pototschnig, M. and Thiele, T. and Stern, N. P. and Kimble, H. J.},
  journal = {Phys. Rev. Lett.},
  volume = {109},
  issue = {3},
  pages = {033603},
  numpages = {5},
  year = {2012},
  month = {Jul},
  publisher = {American Physical Society},
  doi = {10.1103/PhysRevLett.109.033603},
  url = {https://link.aps.org/doi/10.1103/PhysRevLett.109.033603},
  language={english}
}

@ARTICLE{makhlin1999josephson,
  title={Josephson-junction qubits with controlled couplings},
  author={Makhlin, Yuriy and Sch{\"o}hn, Gerd and Shnirman, Alexander},
  journal={Nature},
  volume={398},
  number={6725},
  pages={305},
  year={1999},
  publisher={Nature Publishing Group},
  language={english}
}
@ARTICLE{schuster2007resolving,
  title={Resolving photon number states in a superconducting circuit},
  author={Schuster, D I and Houck, A A and Schreier, J A and Wallraff, A and Gambetta, J M and Blais, A and Frunzio, L and Majer, J and Johnson, B and Devoret, M H and others},
  journal={Nature},
  volume={445},
  number={7127},
  pages={515--518},
  url={http://www.nature.com/nature/journal/v445/n7127/abs/nature05461.html},
  year={2007},
  publisher={Nature Publishing Group}
}

@ARTICLE{mooij1999josephson,
  title={Josephson persistent-current qubit},
  author={Mooij, JE and Orlando, TP and Levitov, L and Tian, Lin and Van der Wal, Caspar H and Lloyd, Seth},
  journal={Science},
  volume={285},
  number={5430},
  pages={1036--1039},
  year={1999},
  url={http://science.sciencemag.org/content/285/5430/1036},
  publisher={American Association for the Advancement of Science},
  language={english}
}

@ARTICLE{niemczykUSC,
  title={Circuit quantum electrodynamics in the ultrastrong-coupling regime},
  author={Niemczyk, Thomas and Deppe, F and Huebl, H and Menzel, EP and Hocke, F and Schwarz, MJ and Garcia-Ripoll, JJ and Zueco, D and H{\"u}mmer, T and Solano, E and others},
  journal={Nature Physics},
  volume={6},
  number={10},
  pages={772},
  year={2010},
  publisher={Nature Publishing Group},
  url={https://www.nature.com/ARTICLEs/nphys1730}
}
@ARTICLE{Shaped_SPS,
  title = {On-Demand Microwave Generator of Shaped Single Photons},
  author = {Forn-D\'{\i}az, P. and Warren, C. W. and Chang, C. W. S. and Vadiraj, A. M. and Wilson, C. M.},
  journal = {Phys. Rev. Applied},
  volume = {8},
  issue = {5},
  pages = {054015},
  numpages = {9},
  year = {2017},
  month = {Nov},
  publisher = {American Physical Society},
  doi = {10.1103/PhysRevApplied.8.054015},
  url = {https://link.aps.org/doi/10.1103/PhysRevApplied.8.054015}
}
@ARTICLE{PechalShaped,
  title = {Microwave-Controlled Generation of Shaped Single Photons in Circuit Quantum Electrodynamics},
  author = {Pechal, M. and Huthmacher, L. and Eichler, C. and Zeytino\ifmmode \breve{g}\else \u{g}\fi{}lu, S. and Abdumalikov, A. A. and Berger, S. and Wallraff, A. and Filipp, S.},
  journal = {Phys. Rev. X},
  volume = {4},
  issue = {4},
  pages = {041010},
  numpages = {9},
  year = {2014},
  month = {Oct},
  publisher = {American Physical Society},
  doi = {10.1103/PhysRevX.4.041010},
  url = {https://link.aps.org/doi/10.1103/PhysRevX.4.041010},
  language={english}
}
@phdthesis{gao2008physics,
  title={The physics of superconducting microwave resonators},
  author={Gao, Jiansong},
  year={2008},
  school={California Institute of Technology}
}
@ARTICLE{BesseQNDphoton,
  title = {Single-Shot Quantum Nondemolition Detection of Individual Itinerant Microwave Photons},
  author = {Besse, Jean-Claude and Gasparinetti, Simone and Collodo, Michele C. and Walter, Theo and Kurpiers, Philipp and Pechal, Marek and Eichler, Christopher and Wallraff, Andreas},
  journal = {Phys. Rev. X},
  volume = {8},
  issue = {2},
  pages = {021003},
  numpages = {9},
  year = {2018},
  month = {Apr},
  publisher = {American Physical Society},
  doi = {10.1103/PhysRevX.8.021003},
  url = {https://link.aps.org/doi/10.1103/PhysRevX.8.021003},
  language={english}
}
@ARTICLE{Khalil,
author = {Khalil,M. S.  and Stoutimore,M. J. A.  and Wellstood,F. C.  and Osborn,K. D. },
title = {An analysis method for asymmetric resonator transmission applied to superconducting devices},
journal = {Journal of Applied Physics},
volume = {111},
number = {5},
pages = {054510},
year = {2012},
doi = {10.1063/1.3692073},
URL = { https://doi.org/10.1063/1.3692073 },
language={english}
}

@ARTICLE{daSilvaSchemes,
  title = {Schemes for the observation of photon correlation functions in circuit QED with linear detectors},
  author = {da Silva, Marcus P. and Bozyigit, Deniz and Wallraff, Andreas and Blais, Alexandre},
  journal = {Phys. Rev. A},
  volume = {82},
  issue = {4},
  pages = {043804},
  numpages = {12},
  year = {2010},
  month = {Oct},
  publisher = {American Physical Society},
  doi = {10.1103/PhysRevA.82.043804},
  url = {https://link.aps.org/doi/10.1103/PhysRevA.82.043804},
  language={english}
}
@ARTICLE{Probst_circlefit,
author = {Probst,S.  and Song,F. B.  and Bushev,P. A.  and Ustinov,A. V.  and Weides,M. },
title = {Efficient and robust analysis of complex scattering data under noise in microwave resonators},
journal = {Review of Scientific Instruments},
volume = {86},
number = {2},
pages = {024706},
year = {2015},
doi = {10.1063/1.4907935},
URL = { https://doi.org/10.1063/1.4907935},
language = {english}
}

@ARTICLE{kono2018quantum,
  title={Quantum non-demolition detection of an itinerant microwave photon},
  author={Kono, Shingo and Koshino, Kazuki and Tabuchi, Yutaka and Noguchi, Atsushi and Nakamura, Yasunobu},
  journal={Nature Physics},
  volume={14},
  number={6},
  pages={546--549},
  year={2018},
  publisher={Nature Publishing Group},
  language={english}
}
@ARTICLE{krinner2019engineering,
  title={Engineering cryogenic setups for 100-qubit scale superconducting circuit systems},
  author={Krinner, Sebastian and Storz, Simon and Kurpiers, Philipp and Magnard, Paul and Heinsoo, Johannes and Keller, Raphael and Luetolf, Janis and Eichler, Christopher and Wallraff, Andreas},
  journal={EPJ Quantum Technology},
  volume={6},
  number={1},
  pages={2},
  year={2019},
  publisher={Springer Berlin Heidelberg},
   language={english}
}
@ARTICLE{Chakmakjian:88,
author = {Stephen Chakmakjian and Karl Koch and C. R. Stroud},
journal = {J. Opt. Soc. Am. B},
keywords = {Absorption spectroscopy; Laser beams; Laser instabilities; Modulation spectroscopy; Modulation techniques; Resonance enhancement},
number = {10},
pages = {2015--2020},
publisher = {OSA},
title = {Observation of resonances at subharmonics of the Rabi frequency in the saturated absorption of a 100\% amplitude-modulated laser beam},
volume = {5},
month = {Oct},
year = {1988},
url = {http://josab.osa.org/abstract.cfm?URI=josab-5-10-2015},
doi = {10.1364/JOSAB.5.002015},
 language={english}
}
@ARTICLE{schoelkopf2003qubits,
  title={Qubits as spectrometers of quantum noise},
  author={Schoelkopf, RJ and Clerk, AA and Girvin, SM and Lehnert, KW and Devoret, MH},
  booktitle={Quantum noise in mesoscopic physics},
  pages={175--203},
  year={2003},
  publisher={Springer},
  language={english}
}
@ARTICLE{Longobardi2013,
author = {Longobardi, Luigi and Bennett, Douglas A. and Patel, Vijay and Chen, Wei and Lukens, James E.},
doi = {10.1063/1.4789310},
issn = {00346748},
journal = {Review of Scientific Instruments},
month = {jan},
number = {1},
title = {{Microstrip filters for measurement and control of superconducting qubits}},
volume = {84},
year = {2013},
language = {english}
}
@ARTICLE{cohen1977dressed,
  title={Dressed-atom description of resonance fluorescence and absorption spectra of a multi-level atom in an intense laser beam},
  author={Cohen-Tannoudji, Claude and Reynaud, Serge},
  journal={Journal of Physics B: Atomic and Molecular Physics},
  volume={10},
  number={3},
  pages={345},
  year={1977},
  publisher={IOP Publishing},
  language={english}
}
@ARTICLE{Ryuten,
  title = {Harmonic behavior of the multiple quantum resonances of a two-level atom driven by a fully-amplitude-modulated field},
  author = {Ruyten, Wilhelmus M.},
  journal = {Phys. Rev. A},
  volume = {40},
  issue = {3},
  pages = {1447--1455},
  numpages = {0},
  year = {1989},
  month = {Aug},
  publisher = {American Physical Society},
  doi = {10.1103/PhysRevA.40.1447},
  url = {https://link.aps.org/doi/10.1103/PhysRevA.40.1447},
  language={english}
}

@ARTICLE{Zhu_experiment,
  title = {Resonance fluorescence of two-level atoms under strong bichromatic excitation},
  author = {Zhu, Yifu and Wu, Qilin and Lezama, A. and Gauthier, Daniel J. and Mossberg, T. W.},
  journal = {Phys. Rev. A},
  volume = {41},
  issue = {11},
  pages = {6574--6576},
  numpages = {0},
  year = {1990},
  month = {Jun},
  publisher = {American Physical Society},
  doi = {10.1103/PhysRevA.41.6574},
  url = {https://link.aps.org/doi/10.1103/PhysRevA.41.6574},
  language={english}
}
@ARTICLE{Agarwal:91,
author = {G. S. Agarwal and Yifu Zhu and Daniel J. Gauthier and T. W. Mossberg},
journal = {J. Opt. Soc. Am. B},
keywords = {Atoms; Elastic scattering; Optical Bloch equations; Quantum optics; Resonance fluorescence; Two level systems},
number = {5},
pages = {1163--1167},
publisher = {OSA},
title = {Spectrum of radiation from two-level atoms under intense bichromatic excitation},
volume = {8},
month = {May},
year = {1991},
url = {http://josab.osa.org/abstract.cfm?URI=josab-8-5-1163},
doi = {10.1364/JOSAB.8.001163},
language = {english}
}
@ARTICLE{Comment_resonance,
  title = {Comment on ``Resonance-fluorescence and absorption spectra of a two-level atom driven by a strong bichromatic field''},
  author = {Aronstein, David L. and Bennink, Ryan S. and Boyd, Robert W. and Stroud, C. R.},
  journal = {Phys. Rev. A},
  volume = {65},
  issue = {6},
  pages = {067401},
  numpages = {5},
  year = {2002},
  month = {Jun},
  publisher = {American Physical Society},
  doi = {10.1103/PhysRevA.65.067401},
  url = {https://link.aps.org/doi/10.1103/PhysRevA.65.067401}, 
  language={russian}
}

@ARTICLE{Ficek_resonance,
  title = {Resonance-fluorescence and absorption spectra of a two-level atom driven by a strong bichromatic field},
  author = {Ficek, Z. and Freedhoff, H. S.},
  journal = {Phys. Rev. A},
  volume = {48},
  issue = {4},
  pages = {3092--3104},
  numpages = {0},
  year = {1993},
  month = {Oct},
  publisher = {American Physical Society},
  doi = {10.1103/PhysRevA.48.3092},
  url = {https://link.aps.org/doi/10.1103/PhysRevA.48.3092},
  language={russian}  
}
@ARTICLE{Freedhoff_resonance,
  title = {Resonance fluorescence of a two-level atom in a strong bichromatic field},
  author = {Freedhoff, Helen and Chen, Zhidang},
  journal = {Phys. Rev. A},
  volume = {41},
  issue = {11},
  pages = {6013--6022},
  numpages = {0},
  year = {1990},
  month = {Jun},
  publisher = {American Physical Society},
  doi = {10.1103/PhysRevA.41.6013},
  url = {https://link.aps.org/doi/10.1103/PhysRevA.41.6013},
  language={english}
}
@ARTICLE{grimsmo2020quantum,
    title={Quantum metamaterial for nondestructive microwave photon counting},
    author={Arne L. Grimsmo and Baptiste Royer and John Mark Kreikebaum and Yufeng Ye and Kevin O'Brien and Irfan Siddiqi and Alexandre Blais},
    year={2020},
    eprint={2005.06483},
    archivePrefix={arXiv},
    primaryClass={quant-ph}
}
@book{cohen1998atom,
  title={Atom-photon interactions: basic processes and applications},
  author={Cohen-Tannoudji, Claude and Dupont-Roc, Jacques and Grynberg, Gilbert},
  year={1998}
}
@ARTICLE{Boyd_WM_81,
  title = {Four-wave parametric interactions in a strongly driven two-level system},
  author = {Boyd, Robert W. and Raymer, Michael G. and Narum, Paul and Harter, Donald J.},
  journal = {Phys. Rev. A},
  volume = {24},
  issue = {1},
  pages = {411--423},
  numpages = {0},
  year = {1981},
  month = {Jul},
  publisher = {American Physical Society},
  doi = {10.1103/PhysRevA.24.411},
  url = {https://link.aps.org/doi/10.1103/PhysRevA.24.411},
  language={english}
}

@ARTICLE{martinis2009superconducting,
  title={Superconducting phase qubits},
  author={Martinis, John M},
  journal={Quantum Information Processing},
  volume={8},
  number={2-3},
  pages={81--103},
  year={2009},
  publisher={Springer},
  language={english}
}
@ARTICLE{steffen2006measurement,
  title={Measurement of the entanglement of two superconducting qubits via state tomography},
  author={Steffen, Matthias and Ansmann, M and Bialczak, Radoslaw C and Katz, Nadav and Lucero, Erik and McDermott, R and Neeley, Matthew and Weig, Eva Maria and Cleland, Andrew N and Martinis, John M},
  journal={Science},
  volume={313},
  number={5792},
  pages={1423--1425},
  year={2006},
  publisher={American Association for the Advancement of Science},
  language={english}
}
@ARTICLE{Meschke2004,
author = {Meschke, M. and Pekola, J. P. and Gay, F. and Rapp, R. E. and Godfrin, H.},
doi = {10.1023/B:JOLT.0000016733.75220.5d},
issn = {0022-2291},
journal = {Journal of Low Temperature Physics},
keywords = {Coulomb blockade,Electron-phonon coupling,Low temperature thermometry},
month = {jan},
number = {5/6},
pages = {1119--1143},
title = {{Electron Thermalization in Metallic Islands Probed by Coulomb Blockade Thermometry}},
url = {http://link.springer.com/10.1023/B:JOLT.0000016733.75220.5d},
volume = {134},
year = {2004},
language = {english}
}
@ARTICLE{lucero2012computing,
  title={Computing prime factors with a Josephson phase qubit quantum processor},
  author={Lucero, Erik and Barends, Rami and Chen, Yu and Kelly, Julian and Mariantoni, Matteo and Megrant, Anthony and O’Malley, Peter and Sank, Daniel and Vainsencher, Amit and Wenner, James and others},
  journal={Nature Physics},
  volume={8},
  number={10},
  pages={719},
  year={2012},
  publisher={Nature Publishing Group},
  language={english}
}
@ARTICLE{ZhouHighEfficiency,
  title = {Tunable Microwave Single-Photon Source Based on Transmon Qubit with High Efficiency},
  author = {Zhou, Yu and Peng, Zhihui and Horiuchi, Yuta and Astafiev, O.V. and Tsai, J.S.},
  journal = {Phys. Rev. Applied},
  volume = {13},
  issue = {3},
  pages = {034007},
  numpages = {11},
  year = {2020},
  month = {Mar},
  publisher = {American Physical Society},
  doi = {10.1103/PhysRevApplied.13.034007},
  url = {https://link.aps.org/doi/10.1103/PhysRevApplied.13.034007},
  language={english}
}

@ARTICLE{Pechal2016switch,
  title = {Superconducting Switch for Fast On-Chip Routing of Quantum Microwave Fields},
  author = {Pechal, M. and Besse, J.-C. and Mondal, M. and Oppliger, M. and Gasparinetti, S. and Wallraff, A.},
  journal = {Phys. Rev. Applied},
  volume = {6},
  issue = {2},
  pages = {024009},
  numpages = {8},
  year = {2016},
  month = {Aug},
  publisher = {American Physical Society},
  doi = {10.1103/PhysRevApplied.6.024009},
  url = {https://link.aps.org/doi/10.1103/PhysRevApplied.6.024009},
  language={english}
}
@ARTICLE{kurpiers2018deterministic,
  title={Deterministic quantum state transfer and remote entanglement using microwave photons},
  author={Kurpiers, Philipp and Magnard, Paul and Walter, Theo and Royer, Baptiste and Pechal, Marek and Heinsoo, Johannes and Salath{\'e}, Yves and Akin, Abdulkadir and Storz, Simon and Besse, J-C and others},
  journal={Nature},
  volume={558},
  number={7709},
  pages={264--267},
  year={2018},
  publisher={Nature Publishing Group},
  language={english}
}
@ARTICLE{EichlerTomography,
  title = {Experimental State Tomography of Itinerant Single Microwave Photons},
  author = {Eichler, C. and Bozyigit, D. and Lang, C. and Steffen, L. and Fink, J. and Wallraff, A.},
  journal = {Phys. Rev. Lett.},
  volume = {106},
  issue = {22},
  pages = {220503},
  numpages = {4},
  year = {2011},
  month = {Jun},
  publisher = {American Physical Society},
  doi = {10.1103/PhysRevLett.106.220503},
  url = {https://link.aps.org/doi/10.1103/PhysRevLett.106.220503},
  language={english}
}

@ARTICLE{Wallraff_entangledPhotons,
  title = {Correlations and Entanglement of Microwave Photons Emitted in a Cascade Decay},
  author = {Gasparinetti, Simone and Pechal, Marek and Besse, Jean-Claude and Mondal, Mintu and Eichler, Christopher and Wallraff, Andreas},
  journal = {Phys. Rev. Lett.},
  volume = {119},
  issue = {14},
  pages = {140504},
  numpages = {6},
  year = {2017},
  month = {Oct},
  publisher = {American Physical Society},
  doi = {10.1103/PhysRevLett.119.140504},
  url = {https://link.aps.org/doi/10.1103/PhysRevLett.119.140504}
}
@ARTICLE{FornDiaz_USC,
  title = {Observation of the Bloch-Siegert Shift in a Qubit-Oscillator System in the Ultrastrong Coupling Regime},
  author = {Forn-D\'{\i}az, P. and Lisenfeld, J. and Marcos, D. and Garc\'{\i}a-Ripoll, J. J. and Solano, E. and Harmans, C. J. P. M. and Mooij, J. E.},
  journal = {Phys. Rev. Lett.},
  volume = {105},
  issue = {23},
  pages = {237001},
  numpages = {4},
  year = {2010},
  month = {Nov},
  publisher = {American Physical Society},
  doi = {10.1103/PhysRevLett.105.237001},
  url = {https://link.aps.org/doi/10.1103/PhysRevLett.105.237001}
}
@ARTICLE{nakamura1999coherent,
  title={Coherent control of macroscopic quantum states in a single-Cooper-pair box},
  author={Nakamura, Yasunobu and Pashkin, Yu A and Tsai, JS},
  journal={Nature},
  volume={398},
  number={6730},
  pages={786},
  year={1999},
  publisher={Nature Publishing Group},
  language={english}
}
@ARTICLE{pashkin2009josephson,
  title={Josephson charge qubits: a brief review},
  author={Pashkin, Yu A and Astafiev, O and Yamamoto, T and Nakamura, Y and Tsai, JS},
  journal={Quantum Information Processing},
  volume={8},
  number={2-3},
  pages={55--80},
  year={2009},
  publisher={Springer},
  language={english}
}
@BOOK{zagoskin2011quantum,
  title={Quantum engineering: theory and design of quantum coherent structures},
  author={Zagoskin, Alexandre M},
  year={2011},
  publisher={Cambridge University Press},
  language={english}
}
@ARTICLE{Lupasku2017ultrastrong,
  title={Ultrastrong coupling of a single artificial atom to an electromagnetic continuum in the nonperturbative regime},
  author={Forn-D{\'\i}az, P and Garc{\'\i}a-Ripoll, JJ and Peropadre, B and Orgiazzi, J-L and Yurtalan, MA and Belyansky, R and Wilson, CM and Lupascu, A},
  journal={Nature Physics},
  volume={13},
  number={1},
  pages={39},
  year={2017},
  publisher={Nature Publishing Group},
  url={https://www.nature.com/ARTICLEs/nphys3905}
}
@ARTICLE{Astafiev-quantum-amplifier,
  title = {Ultimate On-Chip Quantum Amplifier},
  author = {Astafiev, O. V. and Abdumalikov, A. A. and Zagoskin, A. M. and Pashkin, Yu. A. and Nakamura, Y. and Tsai, J. S.},
  journal = {Phys. Rev. Lett.},
  volume = {104},
  issue = {18},
  pages = {183603},
  numpages = {4},
  year = {2010},
  month = {May},
  publisher = {American Physical Society},
  doi = {10.1103/PhysRevLett.104.183603},
  url = {http://link.aps.org/doi/10.1103/PhysRevLett.104.183603}
}
@ARTICLE{LOQCreview,
  title = {Linear optical quantum computing with photonic qubits},
  author = {Kok, Pieter and Munro, W. J. and Nemoto, Kae and Ralph, T. C. and Dowling, Jonathan P. and Milburn, G. J.},
  journal = {Rev. Mod. Phys.},
  volume = {79},
  issue = {1},
  pages = {135--174},
  numpages = {0},
  year = {2007},
  month = {Jan},
  publisher = {American Physical Society},
  doi = {10.1103/RevModPhys.79.135},
  url = {https://link.aps.org/doi/10.1103/RevModPhys.79.135},
  language={english}
}


@ARTICLE{wilson2011observation,
  title={Observation of the dynamical Casimir effect in a superconducting circuit},
  author={Wilson, C M and Johansson, G{\"o}ran and Pourkabirian, Arsalan and Simoen, Michael and Johansson, J R and Duty, Tim and Nori, F and Delsing, Per},
  journal={Nature},
  volume={479},
  number={7373},
  pages={376--379},
  year={2011},
  url={http://www.nature.com/nature/journal/v479/n7373/full/nature10561.html},
  publisher={Nature Publishing Group}
}
@ARTICLE{grunhaupt2019granular,
  title={Granular aluminium as a superconducting material for high-impedance quantum circuits},
  author={Gr{\"u}nhaupt, Lukas and Spiecker, Martin and Gusenkova, Daria and Maleeva, Nataliya and Skacel, Sebastian T and Takmakov, Ivan and Valenti, Francesco and Winkel, Patrick and Rotzinger, Hannes and Wernsdorfer, Wolfgang and others},
  journal={Nature materials},
  pages={1},
  year={2019},
  publisher={Nature Publishing Group},
  language={english}
}
@ARTICLE{hofheinz2009synthesizing,
  title={Synthesizing arbitrary quantum states in a superconducting resonator},
  author={Hofheinz, Max and Wang, H and Ansmann, Markus and Bialczak, Radoslaw C and Lucero, Erik and Neeley, Matthew and O'Connell, AD and Sank, Daniel and Wenner, J and Martinis, John M and others},
  journal={Nature},
  volume={459},
  number={7246},
  pages={546--549},
  year={2009},
  url = {http://www.nature.com/nature/journal/v459/n7246/full/nature08005.html},
  publisher={Nature Publishing Group}
}

@ARTICLE{hoi2012generation,
  title = {Generation of Nonclassical Microwave States Using an Artificial Atom in 1D Open Space},
  author = {Hoi, Io-Chun and Palomaki, Tauno and Lindkvist, Joel and Johansson, G\"oran and Delsing, Per and Wilson, C. M.},
  journal = {Phys. Rev. Lett.},
  volume = {108},
  issue = {26},
  pages = {263601},
  numpages = {5},
  year = {2012},
  month = {Jun},
  publisher = {American Physical Society},
  doi = {10.1103/PhysRevLett.108.263601},
  url = {https://link.aps.org/doi/10.1103/PhysRevLett.108.263601},
  language={english}
}

@ARTICLE{hoi2015probing,
  title={Probing the quantum vacuum with an artificial atom in front of a mirror},
  author={Hoi, I-C and Kockum, A F and Tornberg, L and Pourkabirian, A and Johansson, G and Delsing, P and Wilson, C M},
  journal={Nature Physics}, 
  volume={11},
  pages={1045-1049},
  year={2015},
  url={http://www.nature.com/nphys/journal/v11/n12/full/nphys3484.html},
  publisher={Nature Publishing Group}
}
@BOOK{nielsen2002quantum,
  title={Quantum computation and quantum information},
  author={Nielsen, Michael A and Chuang, Isaac},
  year={2002},
  publisher={AAPT},
  language={english}
}
@ARTICLE{hadfield2009-SPD-review,
  title={Single-photon detectors for optical quantum information applications},
  author={Hadfield, Robert H},
  journal={Nature Photonics},
  volume={3},
  number={12},
  pages={696--705},
  year={2009},
  url={http://www.nature.com/nphoton/journal/v3/n12/abs/nphoton.2009.230.html},
  publisher={Nature Publishing Group}
}

@BOOK{Scully,
  author={M. O. Scully and M.S. Zubairy},
  title={Quantum Optics},
  year={1997},
  publisher={Cambridge University Press, Cambridge},
  language={english}
 } 

@book{Carmichael,
  title={Statistical methods in quantum optics 1: master equations and Fokker-Planck equations},
  author={Carmichael, Howard J},
  year={2013},
  publisher={Springer Science \& Business Media}
}

@ARTICLE{johnson2010quantum,
  title={Quantum non-demolition detection of single microwave photons in a circuit},
  author={Johnson, B R and Reed, M D and Houck, A A and Schuster, D I and Bishop, Lev S and Ginossar, E and Gambetta, J M and DiCarlo, L and Frunzio, L and Girvin, S M and Schoelkopf R. J.},
  journal={Nature Physics},
  volume={6},
  number={9},
  pages={663--667},
  year={2010},
  url = {http://www.nature.com/nphys/journal/v6/n9/full/nphys1710.html},
  publisher={Nature Publishing Group}
}

@ARTICLE{houck2007generating,
  title={Generating single microwave photons in a circuit},
  author={Houck, A A and Schuster, D I and Gambetta, J M and Schreier, J A and Johnson, B R and Chow, J M and Frunzio, L and Majer, J and Devoret, M H and Girvin, S M and Schoelkopf, R. J. },
  journal={Nature},
  volume={449},
  number={7160},
  pages={328--331},
  year={2007},
  url={"http://www.nature.com/nature/journal/v449/n7160/abs/nature06126.html"},
  publisher={Nature Publishing Group}
}

@ARTICLE{hofheinz2008generation-Fock-states,
  title={Generation of Fock states in a superconducting quantum circuit},
  author={Hofheinz, Max and Weig, E M and Ansmann, M and Bialczak, Radoslaw C and Lucero, Erik and Neeley, M and O’connell, A D and Wang, H and Martinis, J M and Cleland, A },
  journal={Nature},
  volume={454},
  number={7202},
  pages={310--314},
  url={http://www.nature.com/nature/journal/v454/n7202/full/nature07136.html},
  year={2008},
  publisher={Nature Publishing Group}
}
@article{FWM_sodium,
  title = {New component in degenerate four-wave mixing of optical pulses in sodium vapor},
  author = {Jabr, S. N. and Lam, L. K. and Hellwarth, R. W.},
  journal = {Phys. Rev. A},
  volume = {24},
  issue = {6},
  pages = {3264--3267},
  numpages = {0},
  year = {1981},
  month = {Dec},
  publisher = {American Physical Society},
  doi = {10.1103/PhysRevA.24.3264},
  url = {https://link.aps.org/doi/10.1103/PhysRevA.24.3264}
}

@book{boyd2003nonlinear,
  title={Nonlinear optics},
  author={Boyd, Robert W},
  year={2003},
  publisher={Academic press}
}

@misc{supp, 
  note = {See Supplementary Materials online. }
}

@ARTICLE{kubatkin2003single,
  title={Single-electron transistor of a single organic molecule with access to several redox states},
  author={Kubatkin, Sergey and Danilov, Andrey and Hjort, Mattias and Cornil, Jerome and Bredas, Jean-Luc and Stuhr-Hansen, Nicolai and Hedeg{\aa}rd, Per and Bj{\o}rnholm, Thomas},
  journal={Nature},
  volume={425},
  number={6959},
  pages={698--701},
  year={2003},
  url={http://www.nature.com/nature/journal/v425/n6959/full/nature02010.html},
  publisher={Nature Publishing Group}
}

@ARTICLE{de2002nanotechnology,
  title={Nanotechnology: Electronics and the single atom},
  author={De Franceschi, Silvano and Kouwenhoven, Leo},
  journal={Nature},
  volume={417},
  number={6890},
  pages={701--702},
  year={2002},
  url={"http://www.nature.com/nature/journal/v417/n6890/full/417701a.html"},
  publisher={Nature Publishing Group}
}
@BOOK{nazarov2002quantum,
  title={in: Quantum noise in mesoscopic physics, ed. Y.V. Nazarov},
  author={Schoelkopf, RJ and Clerk, AA and Girvin, SM and Lehnert, KW and Devoret, MH},
  volume={97},
  pages={175-203},
  year={2002},
  publisher={Springer Science \& Business Media},
  language={english}
}
@ARTICLE{fuechsle2012single,
  title={A single-atom transistor},
  author={Fuechsle, Martin and Miwa, Jill A and Mahapatra, Suddhasatta and Ryu, Hoon and Lee, Sunhee and Warschkow, Oliver and Hollenberg, Lloyd CL and Klimeck, Gerhard and Simmons, Michelle Y},
  journal={Nature Nanotechnology},
  volume={7},
  number={4},
  pages={242--246},
  year={2012},
  url={/href{http://www.nature.com/nnano/journal/v7/n4/full/nnano.2012.21.html}{texttext}},
  publisher={Nature Publishing Group}
}

@ARTICLE{schoelkopf1998radio,
  title={The radio-frequency single-electron transistor (RF-SET): a fast and ultrasensitive electrometer},
  author={Schoelkopf, RJ and Wahlgren, P and Kozhevnikov, AA and Delsing, P and Prober, DE},
  journal={Science},
  volume={280},
  number={5367},
  pages={1238--1242},
  year={1998},
  url={http://science.sciencemag.org/content/280/5367/1238},
  publisher={American Association for the Advancement of Science}
}
@ARTICLE{bogani2008molecular,
  title={Molecular spintronics using single-molecule magnets},
  author={Bogani, Lapo and Wernsdorfer, Wolfgang},
  journal={Nature materials},
  volume={7},
  number={3},
  pages={179--186},
  year={2008},
  url={http://www.nature.com/nmat/journal/v7/n3/full/nmat2133.html},
  publisher={Nature Publishing Group}
}

@ARTICLE{likharev1999single,
  title={Single-electron devices and their applications},
  author={Likharev, Konstantin K},
  journal={Proceedings of the IEEE},
  volume={87},
  number={4},
  pages={606--632},
  year={1999},
  doil={10.1109/5.752518},
  publisher={IEEE}
}

@ARTICLE{moth2009molecular,
  title={Molecular electronics with single molecules in solid-state devices},
  author={Moth-Poulsen, Kasper and Bj{\o}rnholm, Thomas},
  journal={Nature Nanotechnology},
  volume={4},
  number={9},
  pages={551--556},
  year={2009},
  url={http://www.nature.com/nnano/journal/v4/n9/abs/nnano.2009.176.html},
  publisher={Nature Publishing Group}
}

@ARTICLE{zhuang1998silicon,
  title={Silicon single-electron quantum-dot transistor switch operating at room temperature},
  author={Zhuang, Lei and Guo, Lingjie and Chou, Stephen Y},
  journal={Applied Physics Letters},
  volume={72},
  number={10},
  pages={1205--1207},
  year={1998},
  url={http://scitation.aip.org/content/aip/journal/apl/72/10/10.1063/1.121014},
  publisher={AIP Publishing}
}

@ARTICLE{stampfer2008tunable,
  title={Tunable graphene single electron transistor},
  author={Stampfer, C and Schurtenberger, E and Molitor, F and Guttinger, J and Ihn, T and Ensslin, K},
  journal={Nano letters},
  volume={8},
  number={8},
  pages={2378--2383},
  year={2008},
  url={http://pubs.acs.org/doi/abs/10.1021/nl801225h},
  publisher={ACS Publications}
}

@ARTICLE{macklin2015near,
  title={A near--quantum-limited Josephson traveling-wave parametric amplifier},
  author={Macklin, C and O’Brien, K and Hover, D and Schwartz, ME and Bolkhovsky, V and Zhang, X and Oliver, WD and Siddiqi, I},
  journal={Science},
  volume={350},
  number={6258},
  pages={307--310},
  year={2015},
  url={http://science.sciencemag.org/content/350/6258/307},
  publisher={American Association for the Advancement of Science}
}

@ARTICLE{hamo2016electron,
  title={Electron attraction mediated by Coulomb repulsion},
  author={Hamo, A and Benyamini, A and Shapir, I and Khivrich, I and Waissman, J and Kaasbjerg, K and Oreg, Y and von Oppen, F and Ilani, S},
  journal={Nature},
  volume={535},
  number={7612},
  pages={395--400},
  year={2016},
  url={http://www.nature.com/nature/journal/v535/n7612/full/nature18639.html},
  publisher={Nature Research}
}

@ARTICLE{yan2016flux,
  title={The flux qubit revisited to enhance coherence and reproducibility},
  author={Yan, Fei and Gustavsson, Simon and Kamal, Archana and Birenbaum, Jeffrey and Sears, Adam P and Hover, David and Gudmundsen, Ted J and Rosenberg, Danna and Samach, Gabriel and Weber, Steven and others},
  journal={Nature communications},
  volume={7},
  pages={12964},
  year={2016},
  publisher={Nature Publishing Group},
  language={english}
}

@ARTICLE{castellanos2008amplification,
  title={Amplification and squeezing of quantum noise with a tunable Josephson metamaterial},
  author={Castellanos-Beltran, MA and Irwin, KD and Hilton, GC and Vale, LR and Lehnert, KW},
  journal={Nature Physics},
  volume={4},
  number={12},
  pages={929--931},
  year={2008},
  url={http://www.nature.com/nphys/journal/v4/n12/full/nphys1090.html},
  publisher={Nature Publishing Group}
}

@ARTICLE{kouwenhoven1991single,
  title={Single electron charging effects in semiconductor quantum dots},
  author={Kouwenhoven, LP and Van der Vaart, NC and Johnson, AT and Kool, W and Harmans, CJPM and Williamson, JG and Staring, AAM and Foxon, CT},
  journal={Zeitschrift f{\"u}r Physik B Condensed Matter},
  volume={85},
  number={3},
  pages={367--373},
  year={1991},
  doi={10.1007/BF01307632},
  publisher={Springer}
}

@ARTICLE{ResFluorSqVac,
  title = {Resonance Fluorescence from an Artificial Atom in Squeezed Vacuum},
  author = {Toyli, D. M. and Eddins, A. W. and Boutin, S. and Puri, S. and Hover, D. and Bolkhovsky, V. and Oliver, W. D. and Blais, A. and Siddiqi, I.},
  journal = {Phys. Rev. X},
  volume = {6},
  issue = {3},
  pages = {031004},
  numpages = {13},
  year = {2016},
  month = {Jul},
  publisher = {American Physical Society},
  doi = {10.1103/PhysRevX.6.031004},
  url = {http://link.aps.org/doi/10.1103/PhysRevX.6.031004}
}

@ARTICLE{michler2000quantum,
  title={A quantum dot single-photon turnstile device},
  author={Michler, P and Kiraz, A and Becher, C and Schoenfeld, WV and Petroff, PM and Zhang, Lidong and Hu, E and Imamoglu, A},
  journal={Science},
  volume={290},
  number={5500},
  pages={2282--2285},
  year={2000},
  url = {http://science.sciencemag.org/content/290/5500/2282},
  publisher={American Association for the Advancement of Science}
}
@ARTICLE{dunsworth2017characterization,
  title={Characterization and reduction of capacitive loss induced by sub-micron josephson junction fabrication in superconducting qubits},
  author={Dunsworth, A and Megrant, A and Quintana, C and Chen, Zijun and Barends, R and Burkett, B and Foxen, B and Chen, Yu and Chiaro, B and Fowler, A and others},
  journal={Applied Physics Letters},
  volume={111},
  number={2},
  pages={022601},
  year={2017},
  publisher={AIP Publishing},
  language={english}
}
@ARTICLE{goldhaber1998kondo,
  title={Kondo effect in a single-electron transistor},
  author={Goldhaber-Gordon, David and Shtrikman, Hadas and Mahalu, D and Abusch-Magder, David and Meirav, U and Kastner, MA},
  journal={Nature},
  volume={391},
  number={6663},
  pages={156--159},
  year={1998},
  url={http://www.nature.com/nature/journal/v391/n6663/abs/391156a0.html},
  publisher={Nature Publishing Group}
}

@ARTICLE{heeres2015cavity,
  title={Cavity state manipulation using photon-number selective phase gates},
  author={Heeres, Reinier W and Vlastakis, Brian and Holland, Eric and Krastanov, Stefan and Albert, Victor V and Frunzio, Luigi and Jiang, Liang and Schoelkopf, Robert J},
  journal={Physical review letters},
  volume={115},
  number={13},
  pages={137002},
  year={2015},
  url={https://journals.aps.org/prl/abstract/10.1103/PhysRevLett.115.137002},
  publisher={APS}
}

@ARTICLE{Shackert2013ThreeWave,
  title = {Three-Wave Mixing with Three Incoming Waves: Signal-Idler Coherent Attenuation and Gain Enhancement in a Parametric Amplifier},
  author = {Schackert, Flavius and Roy, Ananda and Hatridge, Michael and Devoret, Michel H. and Stone, A. Douglas},
  journal = {Phys. Rev. Lett.},
  volume = {111},
  issue = {7},
  pages = {073903},
  numpages = {5},
  year = {2013},
  month = {Aug},
  publisher = {American Physical Society},
  doi = {10.1103/PhysRevLett.111.073903},
  url = {https://link.aps.org/doi/10.1103/PhysRevLett.111.073903}
}